@misc{Qiskit-Grover,
  author = "{Textbook de Qiskit (IBM)}",
  title = "Grover's Algorithm",
  year = "2021",
  url = "https://qiskit.org/textbook/ch-algorithms/grover.html",
}

@article{Boyer_1998,
	doi = {10.1002/(sici)1521-3978(199806)46:4/5<493::aid-prop493>3.0.co;2-p},
  
	url = {https://doi.org/10.1002%2F%28sici%291521-3978%28199806%2946%3A4%2F5%3C493%3A%3Aaid-prop493%3E3.0.co%3B2-p},
  
	year = 1998,
	month = {jun},
  
	publisher = {Wiley},
  
	volume = {46},
  
	number = {4-5},
  
	pages = {493--505},
  
	author = {Michel Boyer and Gilles Brassard and Peter H{\o}yer and Alain Tapp},
  
	title = {Tight Bounds on Quantum Searching},
  
	journal = {Fortschritte der Physik}
}

@incollection{Approximate_QC,
	doi = {10.1007/bfb0055105},
  
	url = {https://doi.org/10.1007%2Fbfb0055105},
  
	year = 1998,
	publisher = {Springer Berlin Heidelberg},
  
	pages = {820--831},
  
	author = {Gilles Brassard and Peter H{\O}yer and Alain Tapp},
  
	title = {Quantum counting},
  
	booktitle = {Automata, Languages and Programming}
}

@misc{kitaev1995quantum,
      title={Quantum measurements and the Abelian Stabilizer Problem}, 
      author={A. Yu. Kitaev},
      year={1995},
      eprint={quant-ph/9511026},
      archivePrefix={arXiv},
      primaryClass={quant-ph}
}

@article{PhysRevLett.80.4329,
  title = {Quantum Computers Can Search Rapidly by Using Almost Any Transformation},
  author = {Grover, Lov K.},
  journal = {Phys. Rev. Lett.},
  volume = {80},
  issue = {19},
  pages = {4329--4332},
  numpages = {0},
  year = {1998},
  month = {May},
  publisher = {American Physical Society},
  doi = {10.1103/PhysRevLett.80.4329},
  url = {https://link.aps.org/doi/10.1103/PhysRevLett.80.4329}
}
